@Article{
AUTHOR = {Challier, A and Laveissiere, C},
TITLE = {Un nouveau pie'ge pour la capture des glossines (Glossina: Diptera, Muscidae): description et essais sur le terrain},
JOURNAL = {Cah ORSTOM ser Ent Med Parasitol},
VOLUME = {11},
YEAR = {1973},
PAGES = {251-262},
}