@article{ChallierAandLaveissiere1973,
author = {{Challier, A and Laveissiere}, C},
journal = {Cah ORSTOM ser Ent Med Parasitol},
pages = {251--262},
title = {{Un nouveau pie'ge pour la capture des glossines (Glossina: Diptera, Muscidae): description et essais sur le terrain}},
volume = {11},
year = {1973}
}
