/home/gus/src/repos/git/markdown-docs/bibtex/mendeley_2015-03-22.bib